@BOOK{Ras2006,
    author="C. E. Rasmussen and C. K. I. Williams",
    title="Gaussian Processes for Machine Learning",
    publisher="The MIT Press, Massachusetts",
    year="2006",
  }
@BOOK{Mur2012,
    author="Kevin P. Murphy",
    title="Machine Learning: A Probabilistic Perspective",
    publisher="The MIT Press Cambridge, Massachusetts London,England",
    year="2012",
  }
@BOOK{Bar2010,
    author="David Barber",
    title="Bayesian Reasoning and Machine Learning",
    publisher="Springer",
    year="2010",
}